%YAML 1.1
%TAG !u! tag:unity3d.com,2011:
--- !u!1 &4776580796204183029
GameObject:
  m_ObjectHideFlags: 0
  m_CorrespondingSourceObject: {fileID: 0}
  m_PrefabInstance: {fileID: 0}
  m_PrefabAsset: {fileID: 0}
  serializedVersion: 6
  m_Component:
  - component: {fileID: 4390199553993015697}
  - component: {fileID: 6955660489283792380}
  - component: {fileID: 1529577076840428672}
  - component: {fileID: 772828512975993558}
  - component: {fileID: 6410289888286769242}
  m_Layer: 0
  m_Name: Painting_Library (1)
  m_TagString: Untagged
  m_Icon: {fileID: 0}
  m_NavMeshLayer: 0
  m_StaticEditorFlags: 0
  m_IsActive: 1
--- !u!4 &4390199553993015697
Transform:
  m_ObjectHideFlags: 0
  m_CorrespondingSourceObject: {fileID: 0}
  m_PrefabInstance: {fileID: 0}
  m_PrefabAsset: {fileID: 0}
  m_GameObject: {fileID: 4776580796204183029}
  m_LocalRotation: {x: -0.7071068, y: 0.00000019861236, z: 0.00000019861236, w: 0.7071068}
  m_LocalPosition: {x: -4.7134266, y: 2.060361, z: 0.3006563}
  m_LocalScale: {x: 0.712, y: 0.71200013, z: 0.71200013}
  m_Children: []
  m_Father: {fileID: 0}
  m_RootOrder: 0
  m_LocalEulerAnglesHint: {x: -90, y: 180, z: -179.99998}
--- !u!33 &6955660489283792380
MeshFilter:
  m_ObjectHideFlags: 0
  m_CorrespondingSourceObject: {fileID: 0}
  m_PrefabInstance: {fileID: 0}
  m_PrefabAsset: {fileID: 0}
  m_GameObject: {fileID: 4776580796204183029}
  m_Mesh: {fileID: 8795277519415022775, guid: c2f512a35d0884e4d89711429916a3ff, type: 3}
--- !u!23 &1529577076840428672
MeshRenderer:
  m_ObjectHideFlags: 0
  m_CorrespondingSourceObject: {fileID: 0}
  m_PrefabInstance: {fileID: 0}
  m_PrefabAsset: {fileID: 0}
  m_GameObject: {fileID: 4776580796204183029}
  m_Enabled: 1
  m_CastShadows: 1
  m_ReceiveShadows: 1
  m_DynamicOccludee: 1
  m_MotionVectors: 1
  m_LightProbeUsage: 1
  m_ReflectionProbeUsage: 1
  m_RayTracingMode: 2
  m_RenderingLayerMask: 1
  m_RendererPriority: 0
  m_Materials:
  - {fileID: 2100000, guid: 91faca8a797297245b5d7f4d752592ad, type: 2}
  - {fileID: 2100000, guid: 9f5777c3e209ccd4ebe6ac4f7f8fa3b4, type: 2}
  m_StaticBatchInfo:
    firstSubMesh: 0
    subMeshCount: 0
  m_StaticBatchRoot: {fileID: 0}
  m_ProbeAnchor: {fileID: 0}
  m_LightProbeVolumeOverride: {fileID: 0}
  m_ScaleInLightmap: 1
  m_ReceiveGI: 1
  m_PreserveUVs: 0
  m_IgnoreNormalsForChartDetection: 0
  m_ImportantGI: 0
  m_StitchLightmapSeams: 1
  m_SelectedEditorRenderState: 3
  m_MinimumChartSize: 4
  m_AutoUVMaxDistance: 0.5
  m_AutoUVMaxAngle: 89
  m_LightmapParameters: {fileID: 0}
  m_SortingLayerID: 0
  m_SortingLayer: 0
  m_SortingOrder: 0
--- !u!64 &772828512975993558
MeshCollider:
  m_ObjectHideFlags: 0
  m_CorrespondingSourceObject: {fileID: 0}
  m_PrefabInstance: {fileID: 0}
  m_PrefabAsset: {fileID: 0}
  m_GameObject: {fileID: 4776580796204183029}
  m_Material: {fileID: 0}
  m_IsTrigger: 0
  m_Enabled: 1
  serializedVersion: 3
  m_Convex: 0
  m_CookingOptions: 30
  m_Mesh: {fileID: 8795277519415022775, guid: c2f512a35d0884e4d89711429916a3ff, type: 3}
--- !u!114 &6410289888286769242
MonoBehaviour:
  m_ObjectHideFlags: 0
  m_CorrespondingSourceObject: {fileID: 0}
  m_PrefabInstance: {fileID: 0}
  m_PrefabAsset: {fileID: 0}
  m_GameObject: {fileID: 4776580796204183029}
  m_Enabled: 1
  m_EditorHideFlags: 0
  m_Script: {fileID: 11500000, guid: a0fbe6c5c820622458a7b30dd5d98df0, type: 3}
  m_Name: 
  m_EditorClassIdentifier: 
  interactableEvents:
    onInteract:
      m_PersistentCalls:
        m_Calls: []
  clickEvents:
    onInteract:
      m_PersistentCalls:
        m_Calls: []
  SceneName: Library
  SpawnName: LibrarySpawn
