%YAML 1.1
%TAG !u! tag:unity3d.com,2011:
--- !u!114 &-8313307666851189839
MonoBehaviour:
  m_ObjectHideFlags: 0
  m_CorrespondingSourceObject: {fileID: 0}
  m_PrefabInstance: {fileID: 0}
  m_PrefabAsset: {fileID: 0}
  m_GameObject: {fileID: 0}
  m_Enabled: 1
  m_EditorHideFlags: 0
  m_Script: {fileID: 11500000, guid: c18180ecb35941f4682ae60107b85b7c, type: 3}
  m_Name: bank:/Dialogue.bank
  m_EditorClassIdentifier: 
  Path: ../../../Documents/FMOD Studio/Blank Canvas/Build/Desktop/Dialogue.bank
  SubDir: 
  lastModified: 637162438168465553
  LoadResult: 0
  FileSizes: []
  Exists: 0
--- !u!114 &-6889865433818580028
MonoBehaviour:
  m_ObjectHideFlags: 0
  m_CorrespondingSourceObject: {fileID: 0}
  m_PrefabInstance: {fileID: 0}
  m_PrefabAsset: {fileID: 0}
  m_GameObject: {fileID: 0}
  m_Enabled: 1
  m_EditorHideFlags: 0
  m_Script: {fileID: 11500000, guid: c18180ecb35941f4682ae60107b85b7c, type: 3}
  m_Name: bank:/Old Room.bank
  m_EditorClassIdentifier: 
  Path: ../../../Documents/FMOD Studio/Blank Canvas/Build/Desktop/Old Room.bank
  SubDir: 
  lastModified: 637162438158599376
  LoadResult: 0
  FileSizes: []
  Exists: 0
--- !u!114 &-6236241173622963859
MonoBehaviour:
  m_ObjectHideFlags: 0
  m_CorrespondingSourceObject: {fileID: 0}
  m_PrefabInstance: {fileID: 0}
  m_PrefabAsset: {fileID: 0}
  m_GameObject: {fileID: 0}
  m_Enabled: 1
  m_EditorHideFlags: 0
  m_Script: {fileID: 11500000, guid: c18180ecb35941f4682ae60107b85b7c, type: 3}
  m_Name: bank:/Music.bank
  m_EditorClassIdentifier: 
  Path: ../../../Documents/FMOD Studio/Blank Canvas/Build/Desktop/Music.bank
  SubDir: 
  lastModified: 637162439094760191
  LoadResult: 0
  FileSizes: []
  Exists: 1
--- !u!114 &-5140909785591988349
MonoBehaviour:
  m_ObjectHideFlags: 0
  m_CorrespondingSourceObject: {fileID: 0}
  m_PrefabInstance: {fileID: 0}
  m_PrefabAsset: {fileID: 0}
  m_GameObject: {fileID: 0}
  m_Enabled: 1
  m_EditorHideFlags: 0
  m_Script: {fileID: 11500000, guid: ceb653cd98e289a4e8697a1af55201f2, type: 3}
  m_Name: event:/Library
  m_EditorClassIdentifier: 
  Path: event:/Library
  guid: 6111eaea6c5d684abbcc79eeb72aba5e
  Banks:
  - {fileID: 4097183088875330041}
  IsStream: 1
  Is3D: 1
  IsOneShot: 0
  Parameters: []
  MinDistance: 1
  MaxDistance: 20
  Length: 42040
--- !u!114 &-5011486947420414963
MonoBehaviour:
  m_ObjectHideFlags: 0
  m_CorrespondingSourceObject: {fileID: 0}
  m_PrefabInstance: {fileID: 0}
  m_PrefabAsset: {fileID: 0}
  m_GameObject: {fileID: 0}
  m_Enabled: 1
  m_EditorHideFlags: 0
  m_Script: {fileID: 11500000, guid: c18180ecb35941f4682ae60107b85b7c, type: 3}
  m_Name: bank:/Master.bank
  m_EditorClassIdentifier: 
  Path: ../../../Documents/FMOD Studio/Blank Canvas/Build/Desktop/Master.bank
  SubDir: 
  lastModified: 637162438087959937
  LoadResult: 0
  FileSizes: []
  Exists: 0
--- !u!114 &-3180886938527321075
MonoBehaviour:
  m_ObjectHideFlags: 0
  m_CorrespondingSourceObject: {fileID: 0}
  m_PrefabInstance: {fileID: 0}
  m_PrefabAsset: {fileID: 0}
  m_GameObject: {fileID: 0}
  m_Enabled: 1
  m_EditorHideFlags: 0
  m_Script: {fileID: 11500000, guid: c18180ecb35941f4682ae60107b85b7c, type: 3}
  m_Name: bank:/Museum.bank
  m_EditorClassIdentifier: 
  Path: ../../../Documents/FMOD Studio/Blank Canvas/Build/Desktop/Museum.bank
  SubDir: 
  lastModified: 637162438101680166
  LoadResult: 0
  FileSizes: []
  Exists: 0
--- !u!114 &-2655908296888523241
MonoBehaviour:
  m_ObjectHideFlags: 0
  m_CorrespondingSourceObject: {fileID: 0}
  m_PrefabInstance: {fileID: 0}
  m_PrefabAsset: {fileID: 0}
  m_GameObject: {fileID: 0}
  m_Enabled: 1
  m_EditorHideFlags: 0
  m_Script: {fileID: 11500000, guid: c18180ecb35941f4682ae60107b85b7c, type: 3}
  m_Name: bank:/Music.bank
  m_EditorClassIdentifier: 
  Path: ../../../Documents/FMOD Studio/Blank Canvas/Build/Desktop/Music.bank
  SubDir: 
  lastModified: 637162438088104748
  LoadResult: 0
  FileSizes: []
  Exists: 0
--- !u!114 &-2648073876962006527
MonoBehaviour:
  m_ObjectHideFlags: 0
  m_CorrespondingSourceObject: {fileID: 0}
  m_PrefabInstance: {fileID: 0}
  m_PrefabAsset: {fileID: 0}
  m_GameObject: {fileID: 0}
  m_Enabled: 1
  m_EditorHideFlags: 0
  m_Script: {fileID: 11500000, guid: c18180ecb35941f4682ae60107b85b7c, type: 3}
  m_Name: bank:/Laptop.bank
  m_EditorClassIdentifier: 
  Path: ../../../Documents/FMOD Studio/Blank Canvas/Build/Desktop/Laptop.bank
  SubDir: 
  lastModified: 637162439095910406
  LoadResult: 0
  FileSizes: []
  Exists: 1
--- !u!114 &-2597091873913906454
MonoBehaviour:
  m_ObjectHideFlags: 0
  m_CorrespondingSourceObject: {fileID: 0}
  m_PrefabInstance: {fileID: 0}
  m_PrefabAsset: {fileID: 0}
  m_GameObject: {fileID: 0}
  m_Enabled: 1
  m_EditorHideFlags: 0
  m_Script: {fileID: 11500000, guid: c18180ecb35941f4682ae60107b85b7c, type: 3}
  m_Name: bank:/Old Room.bank
  m_EditorClassIdentifier: 
  Path: ../../../Documents/FMOD Studio/Blank Canvas/Build/Desktop/Old Room.bank
  SubDir: 
  lastModified: 637162439096129820
  LoadResult: 0
  FileSizes: []
  Exists: 1
--- !u!114 &-2270160803555267679
MonoBehaviour:
  m_ObjectHideFlags: 0
  m_CorrespondingSourceObject: {fileID: 0}
  m_PrefabInstance: {fileID: 0}
  m_PrefabAsset: {fileID: 0}
  m_GameObject: {fileID: 0}
  m_Enabled: 1
  m_EditorHideFlags: 0
  m_Script: {fileID: 11500000, guid: ceb653cd98e289a4e8697a1af55201f2, type: 3}
  m_Name: event:/Museum
  m_EditorClassIdentifier: 
  Path: event:/Museum
  guid: f5a1a4102251634697f4cf2bd03e4072
  Banks:
  - {fileID: -20279876768212063}
  IsStream: 1
  Is3D: 1
  IsOneShot: 1
  Parameters: []
  MinDistance: 1
  MaxDistance: 20
  Length: 32041
--- !u!114 &-1743756970194328690
MonoBehaviour:
  m_ObjectHideFlags: 0
  m_CorrespondingSourceObject: {fileID: 0}
  m_PrefabInstance: {fileID: 0}
  m_PrefabAsset: {fileID: 0}
  m_GameObject: {fileID: 0}
  m_Enabled: 1
  m_EditorHideFlags: 0
  m_Script: {fileID: 11500000, guid: c18180ecb35941f4682ae60107b85b7c, type: 3}
  m_Name: bank:/Library.bank
  m_EditorClassIdentifier: 
  Path: ../../../Documents/FMOD Studio/Blank Canvas/Build/Desktop/Library.bank
  SubDir: 
  lastModified: 637162438168465553
  LoadResult: 0
  FileSizes: []
  Exists: 0
--- !u!114 &-831822619001106152
MonoBehaviour:
  m_ObjectHideFlags: 0
  m_CorrespondingSourceObject: {fileID: 0}
  m_PrefabInstance: {fileID: 0}
  m_PrefabAsset: {fileID: 0}
  m_GameObject: {fileID: 0}
  m_Enabled: 1
  m_EditorHideFlags: 0
  m_Script: {fileID: 11500000, guid: c18180ecb35941f4682ae60107b85b7c, type: 3}
  m_Name: bank:/Laptop.bank
  m_EditorClassIdentifier: 
  Path: ../../../Documents/FMOD Studio/Blank Canvas/Build/Desktop/Laptop.bank
  SubDir: 
  lastModified: 637162418907163154
  LoadResult: 0
  FileSizes: []
  Exists: 0
--- !u!114 &-20279876768212063
MonoBehaviour:
  m_ObjectHideFlags: 0
  m_CorrespondingSourceObject: {fileID: 0}
  m_PrefabInstance: {fileID: 0}
  m_PrefabAsset: {fileID: 0}
  m_GameObject: {fileID: 0}
  m_Enabled: 1
  m_EditorHideFlags: 0
  m_Script: {fileID: 11500000, guid: c18180ecb35941f4682ae60107b85b7c, type: 3}
  m_Name: bank:/Museum.bank
  m_EditorClassIdentifier: 
  Path: ../../../Documents/FMOD Studio/Blank Canvas/Build/Desktop/Museum.bank
  SubDir: 
  lastModified: 637162439095477604
  LoadResult: 0
  FileSizes: []
  Exists: 1
--- !u!114 &11400000
MonoBehaviour:
  m_ObjectHideFlags: 0
  m_CorrespondingSourceObject: {fileID: 0}
  m_PrefabInstance: {fileID: 0}
  m_PrefabAsset: {fileID: 0}
  m_GameObject: {fileID: 0}
  m_Enabled: 1
  m_EditorHideFlags: 0
  m_Script: {fileID: 11500000, guid: d32cf7c32a3ed8347bac48ef5ed56d82, type: 3}
  m_Name: FMODStudioCache
  m_EditorClassIdentifier: 
  EditorBanks:
  - {fileID: 2447526294187380372}
  - {fileID: 6425300970868324521}
  - {fileID: 7732260119152241812}
  - {fileID: -2648073876962006527}
  - {fileID: 4097183088875330041}
  - {fileID: 995725328452763078}
  - {fileID: -20279876768212063}
  - {fileID: -6236241173622963859}
  - {fileID: -2597091873913906454}
  EditorEvents:
  - {fileID: 6430515723063144461}
  - {fileID: 357288860494769627}
  - {fileID: -5140909785591988349}
  - {fileID: -2270160803555267679}
  - {fileID: 6651499843028086186}
  EditorParameters: []
  MasterBanks:
  - {fileID: 995725328452763078}
  StringsBanks:
  - {fileID: 2447526294187380372}
  stringsBankWriteTime: 637162439094750538
  cacheVersion: 3
--- !u!114 &357288860494769627
MonoBehaviour:
  m_ObjectHideFlags: 0
  m_CorrespondingSourceObject: {fileID: 0}
  m_PrefabInstance: {fileID: 0}
  m_PrefabAsset: {fileID: 0}
  m_GameObject: {fileID: 0}
  m_Enabled: 1
  m_EditorHideFlags: 0
  m_Script: {fileID: 11500000, guid: ceb653cd98e289a4e8697a1af55201f2, type: 3}
  m_Name: event:/Laptop
  m_EditorClassIdentifier: 
  Path: event:/Laptop
  guid: eb68f98b6aee2b49ab7d5c4426590dcb
  Banks:
  - {fileID: -2648073876962006527}
  IsStream: 1
  Is3D: 1
  IsOneShot: 0
  Parameters: []
  MinDistance: 1
  MaxDistance: 20
  Length: 69043
--- !u!114 &941586650918301141
MonoBehaviour:
  m_ObjectHideFlags: 0
  m_CorrespondingSourceObject: {fileID: 0}
  m_PrefabInstance: {fileID: 0}
  m_PrefabAsset: {fileID: 0}
  m_GameObject: {fileID: 0}
  m_Enabled: 1
  m_EditorHideFlags: 0
  m_Script: {fileID: 11500000, guid: c18180ecb35941f4682ae60107b85b7c, type: 3}
  m_Name: bank:/Library.bank
  m_EditorClassIdentifier: 
  Path: ../../../Documents/FMOD Studio/Blank Canvas/Build/Desktop/Library.bank
  SubDir: 
  lastModified: 637162418907163154
  LoadResult: 0
  FileSizes: []
  Exists: 0
--- !u!114 &995725328452763078
MonoBehaviour:
  m_ObjectHideFlags: 0
  m_CorrespondingSourceObject: {fileID: 0}
  m_PrefabInstance: {fileID: 0}
  m_PrefabAsset: {fileID: 0}
  m_GameObject: {fileID: 0}
  m_Enabled: 1
  m_EditorHideFlags: 0
  m_Script: {fileID: 11500000, guid: c18180ecb35941f4682ae60107b85b7c, type: 3}
  m_Name: bank:/Master.bank
  m_EditorClassIdentifier: 
  Path: ../../../Documents/FMOD Studio/Blank Canvas/Build/Desktop/Master.bank
  SubDir: 
  lastModified: 637162439094730259
  LoadResult: 0
  FileSizes: []
  Exists: 1
--- !u!114 &1164644702961584824
MonoBehaviour:
  m_ObjectHideFlags: 0
  m_CorrespondingSourceObject: {fileID: 0}
  m_PrefabInstance: {fileID: 0}
  m_PrefabAsset: {fileID: 0}
  m_GameObject: {fileID: 0}
  m_Enabled: 1
  m_EditorHideFlags: 0
  m_Script: {fileID: 11500000, guid: c18180ecb35941f4682ae60107b85b7c, type: 3}
  m_Name: bank:/Old Room.bank
  m_EditorClassIdentifier: 
  Path: ../../../Documents/FMOD Studio/Blank Canvas/Build/Desktop/Old Room.bank
  SubDir: 
  lastModified: 637162418907163154
  LoadResult: 0
  FileSizes: []
  Exists: 0
--- !u!114 &1989297753935793676
MonoBehaviour:
  m_ObjectHideFlags: 0
  m_CorrespondingSourceObject: {fileID: 0}
  m_PrefabInstance: {fileID: 0}
  m_PrefabAsset: {fileID: 0}
  m_GameObject: {fileID: 0}
  m_Enabled: 1
  m_EditorHideFlags: 0
  m_Script: {fileID: 11500000, guid: c18180ecb35941f4682ae60107b85b7c, type: 3}
  m_Name: bank:/Abstract.bank
  m_EditorClassIdentifier: 
  Path: ../../../Documents/FMOD Studio/Blank Canvas/Build/Desktop/Abstract.bank
  SubDir: 
  lastModified: 637162418907062333
  LoadResult: 0
  FileSizes: []
  Exists: 0
--- !u!114 &2447526294187380372
MonoBehaviour:
  m_ObjectHideFlags: 0
  m_CorrespondingSourceObject: {fileID: 0}
  m_PrefabInstance: {fileID: 0}
  m_PrefabAsset: {fileID: 0}
  m_GameObject: {fileID: 0}
  m_Enabled: 1
  m_EditorHideFlags: 0
  m_Script: {fileID: 11500000, guid: c18180ecb35941f4682ae60107b85b7c, type: 3}
  m_Name: bank:/Master.strings.bank
  m_EditorClassIdentifier: 
  Path: ../../../Documents/FMOD Studio/Blank Canvas/Build/Desktop/Master.strings.bank
  SubDir: 
  lastModified: 637162439094750538
  LoadResult: 0
  FileSizes:
  - Name: Desktop
    Value: 1216
  Exists: 1
--- !u!114 &2782559197345259278
MonoBehaviour:
  m_ObjectHideFlags: 0
  m_CorrespondingSourceObject: {fileID: 0}
  m_PrefabInstance: {fileID: 0}
  m_PrefabAsset: {fileID: 0}
  m_GameObject: {fileID: 0}
  m_Enabled: 1
  m_EditorHideFlags: 0
  m_Script: {fileID: 11500000, guid: c18180ecb35941f4682ae60107b85b7c, type: 3}
  m_Name: bank:/Museum.bank
  m_EditorClassIdentifier: 
  Path: ../../../Documents/FMOD Studio/Blank Canvas/Build/Desktop/Museum.bank
  SubDir: 
  lastModified: 637162418907062333
  LoadResult: 0
  FileSizes: []
  Exists: 0
--- !u!114 &4097183088875330041
MonoBehaviour:
  m_ObjectHideFlags: 0
  m_CorrespondingSourceObject: {fileID: 0}
  m_PrefabInstance: {fileID: 0}
  m_PrefabAsset: {fileID: 0}
  m_GameObject: {fileID: 0}
  m_Enabled: 1
  m_EditorHideFlags: 0
  m_Script: {fileID: 11500000, guid: c18180ecb35941f4682ae60107b85b7c, type: 3}
  m_Name: bank:/Library.bank
  m_EditorClassIdentifier: 
  Path: ../../../Documents/FMOD Studio/Blank Canvas/Build/Desktop/Library.bank
  SubDir: 
  lastModified: 637162439096339264
  LoadResult: 0
  FileSizes: []
  Exists: 1
--- !u!114 &5381098508935318276
MonoBehaviour:
  m_ObjectHideFlags: 0
  m_CorrespondingSourceObject: {fileID: 0}
  m_PrefabInstance: {fileID: 0}
  m_PrefabAsset: {fileID: 0}
  m_GameObject: {fileID: 0}
  m_Enabled: 1
  m_EditorHideFlags: 0
  m_Script: {fileID: 11500000, guid: c18180ecb35941f4682ae60107b85b7c, type: 3}
  m_Name: bank:/Master.bank
  m_EditorClassIdentifier: 
  Path: ../../../Documents/FMOD Studio/Blank Canvas/Build/Desktop/Master.bank
  SubDir: 
  lastModified: 637162418906861818
  LoadResult: 0
  FileSizes: []
  Exists: 0
--- !u!114 &6368514375871521635
MonoBehaviour:
  m_ObjectHideFlags: 0
  m_CorrespondingSourceObject: {fileID: 0}
  m_PrefabInstance: {fileID: 0}
  m_PrefabAsset: {fileID: 0}
  m_GameObject: {fileID: 0}
  m_Enabled: 1
  m_EditorHideFlags: 0
  m_Script: {fileID: 11500000, guid: c18180ecb35941f4682ae60107b85b7c, type: 3}
  m_Name: bank:/Abstract.bank
  m_EditorClassIdentifier: 
  Path: ../../../Documents/FMOD Studio/Blank Canvas/Build/Desktop/Abstract.bank
  SubDir: 
  lastModified: 637162438132030955
  LoadResult: 0
  FileSizes: []
  Exists: 0
--- !u!114 &6425300970868324521
MonoBehaviour:
  m_ObjectHideFlags: 0
  m_CorrespondingSourceObject: {fileID: 0}
  m_PrefabInstance: {fileID: 0}
  m_PrefabAsset: {fileID: 0}
  m_GameObject: {fileID: 0}
  m_Enabled: 1
  m_EditorHideFlags: 0
  m_Script: {fileID: 11500000, guid: c18180ecb35941f4682ae60107b85b7c, type: 3}
  m_Name: bank:/Abstract.bank
  m_EditorClassIdentifier: 
  Path: ../../../Documents/FMOD Studio/Blank Canvas/Build/Desktop/Abstract.bank
  SubDir: 
  lastModified: 637162439095696286
  LoadResult: 0
  FileSizes: []
  Exists: 1
--- !u!114 &6430515723063144461
MonoBehaviour:
  m_ObjectHideFlags: 0
  m_CorrespondingSourceObject: {fileID: 0}
  m_PrefabInstance: {fileID: 0}
  m_PrefabAsset: {fileID: 0}
  m_GameObject: {fileID: 0}
  m_Enabled: 1
  m_EditorHideFlags: 0
  m_Script: {fileID: 11500000, guid: ceb653cd98e289a4e8697a1af55201f2, type: 3}
  m_Name: event:/Abstract
  m_EditorClassIdentifier: 
  Path: event:/Abstract
  guid: 1fafb12e9e41a849b4f5d7046666c3e2
  Banks:
  - {fileID: 6425300970868324521}
  IsStream: 1
  Is3D: 1
  IsOneShot: 0
  Parameters: []
  MinDistance: 1
  MaxDistance: 20
  Length: 132177
--- !u!114 &6651499843028086186
MonoBehaviour:
  m_ObjectHideFlags: 0
  m_CorrespondingSourceObject: {fileID: 0}
  m_PrefabInstance: {fileID: 0}
  m_PrefabAsset: {fileID: 0}
  m_GameObject: {fileID: 0}
  m_Enabled: 1
  m_EditorHideFlags: 0
  m_Script: {fileID: 11500000, guid: ceb653cd98e289a4e8697a1af55201f2, type: 3}
  m_Name: event:/Old Room
  m_EditorClassIdentifier: 
  Path: event:/Old Room
  guid: 97d096cf723bb54c9fe487e5fa809b1a
  Banks:
  - {fileID: -2597091873913906454}
  IsStream: 1
  Is3D: 1
  IsOneShot: 0
  Parameters: []
  MinDistance: 0
  MaxDistance: 8.4
  Length: 32500
--- !u!114 &6932584388211089740
MonoBehaviour:
  m_ObjectHideFlags: 0
  m_CorrespondingSourceObject: {fileID: 0}
  m_PrefabInstance: {fileID: 0}
  m_PrefabAsset: {fileID: 0}
  m_GameObject: {fileID: 0}
  m_Enabled: 1
  m_EditorHideFlags: 0
  m_Script: {fileID: 11500000, guid: c18180ecb35941f4682ae60107b85b7c, type: 3}
  m_Name: bank:/Music.bank
  m_EditorClassIdentifier: 
  Path: ../../../Documents/FMOD Studio/Blank Canvas/Build/Desktop/Music.bank
  SubDir: 
  lastModified: 637162418907011213
  LoadResult: 0
  FileSizes: []
  Exists: 0
--- !u!114 &7732260119152241812
MonoBehaviour:
  m_ObjectHideFlags: 0
  m_CorrespondingSourceObject: {fileID: 0}
  m_PrefabInstance: {fileID: 0}
  m_PrefabAsset: {fileID: 0}
  m_GameObject: {fileID: 0}
  m_Enabled: 1
  m_EditorHideFlags: 0
  m_Script: {fileID: 11500000, guid: c18180ecb35941f4682ae60107b85b7c, type: 3}
  m_Name: bank:/Dialogue.bank
  m_EditorClassIdentifier: 
  Path: ../../../Documents/FMOD Studio/Blank Canvas/Build/Desktop/Dialogue.bank
  SubDir: 
  lastModified: 637162439094780135
  LoadResult: 0
  FileSizes: []
  Exists: 1
--- !u!114 &7798586050300401350
MonoBehaviour:
  m_ObjectHideFlags: 0
  m_CorrespondingSourceObject: {fileID: 0}
  m_PrefabInstance: {fileID: 0}
  m_PrefabAsset: {fileID: 0}
  m_GameObject: {fileID: 0}
  m_Enabled: 1
  m_EditorHideFlags: 0
  m_Script: {fileID: 11500000, guid: c18180ecb35941f4682ae60107b85b7c, type: 3}
  m_Name: bank:/Laptop.bank
  m_EditorClassIdentifier: 
  Path: ../../../Documents/FMOD Studio/Blank Canvas/Build/Desktop/Laptop.bank
  SubDir: 
  lastModified: 637162438147105391
  LoadResult: 0
  FileSizes: []
  Exists: 0
--- !u!114 &8914432490664808311
MonoBehaviour:
  m_ObjectHideFlags: 0
  m_CorrespondingSourceObject: {fileID: 0}
  m_PrefabInstance: {fileID: 0}
  m_PrefabAsset: {fileID: 0}
  m_GameObject: {fileID: 0}
  m_Enabled: 1
  m_EditorHideFlags: 0
  m_Script: {fileID: 11500000, guid: c18180ecb35941f4682ae60107b85b7c, type: 3}
  m_Name: bank:/Dialogue.bank
  m_EditorClassIdentifier: 
  Path: ../../../Documents/FMOD Studio/Blank Canvas/Build/Desktop/Dialogue.bank
  SubDir: 
  lastModified: 637162418907259281
  LoadResult: 0
  FileSizes: []
  Exists: 0
