%YAML 1.1
%TAG !u! tag:unity3d.com,2011:
--- !u!1 &6815172394131246911
GameObject:
  m_ObjectHideFlags: 0
  m_CorrespondingSourceObject: {fileID: 0}
  m_PrefabInstance: {fileID: 0}
  m_PrefabAsset: {fileID: 0}
  serializedVersion: 6
  m_Component:
  - component: {fileID: 6815172394131246904}
  - component: {fileID: 6815172394131246905}
  - component: {fileID: 6815172394131246910}
  - component: {fileID: 1491123426}
  m_Layer: 0
  m_Name: drop_pear
  m_TagString: Untagged
  m_Icon: {fileID: 0}
  m_NavMeshLayer: 0
  m_StaticEditorFlags: 0
  m_IsActive: 1
--- !u!4 &6815172394131246904
Transform:
  m_ObjectHideFlags: 0
  m_CorrespondingSourceObject: {fileID: 0}
  m_PrefabInstance: {fileID: 0}
  m_PrefabAsset: {fileID: 0}
  m_GameObject: {fileID: 6815172394131246911}
  m_LocalRotation: {x: -0.7402797, y: -0.28753158, z: 0.09987715, w: 0.59944665}
  m_LocalPosition: {x: 30.289948, y: -0.54212105, z: 33.443104}
  m_LocalScale: {x: 0.94004, y: 0.94004035, z: 0.94004023}
  m_Children:
  - {fileID: 6815172395469767794}
  m_Father: {fileID: 0}
  m_RootOrder: 0
  m_LocalEulerAnglesHint: {x: -123.893, y: 62.048996, z: -77.996}
--- !u!114 &6815172394131246905
MonoBehaviour:
  m_ObjectHideFlags: 0
  m_CorrespondingSourceObject: {fileID: 0}
  m_PrefabInstance: {fileID: 0}
  m_PrefabAsset: {fileID: 0}
  m_GameObject: {fileID: 6815172394131246911}
  m_Enabled: 1
  m_EditorHideFlags: 0
  m_Script: {fileID: 11500000, guid: c5dfef2961f0113428eba5fe4dbe420b, type: 3}
  m_Name: 
  m_EditorClassIdentifier: 
  interactableEvents:
    onInteract:
      m_PersistentCalls:
        m_Calls: []
  clickEvents:
    onInteract:
      m_PersistentCalls:
        m_Calls: []
  dropZoneEvents:
    OnCorrectItem:
      m_PersistentCalls:
        m_Calls: []
    OnWrongItem:
      m_PersistentCalls:
        m_Calls: []
    OnRemoveItem:
      m_PersistentCalls:
        m_Calls: []
  acceptedItem: {fileID: -3024943962675470128, guid: b93c473edbcf2b14d97215bf1712a486,
    type: 3}
  visual: {fileID: 0}
  placementLocation: {fileID: 6815172395469767794}
  useDropColliderForPickup: 0
--- !u!135 &6815172394131246910
SphereCollider:
  m_ObjectHideFlags: 0
  m_CorrespondingSourceObject: {fileID: 0}
  m_PrefabInstance: {fileID: 0}
  m_PrefabAsset: {fileID: 0}
  m_GameObject: {fileID: 6815172394131246911}
  m_Material: {fileID: 0}
  m_IsTrigger: 1
  m_Enabled: 1
  serializedVersion: 2
  m_Radius: 0.5
  m_Center: {x: 0, y: 0, z: 0}
--- !u!114 &1491123426
MonoBehaviour:
  m_ObjectHideFlags: 0
  m_CorrespondingSourceObject: {fileID: 0}
  m_PrefabInstance: {fileID: 0}
  m_PrefabAsset: {fileID: 0}
  m_GameObject: {fileID: 6815172394131246911}
  m_Enabled: 1
  m_EditorHideFlags: 0
  m_Script: {fileID: 11500000, guid: dc9cab06c637cc74aae2af799e4b5c53, type: 3}
  m_Name: 
  m_EditorClassIdentifier: 
  gloabalTag: fruit_bowl_room
--- !u!1 &6815172395469767799
GameObject:
  m_ObjectHideFlags: 0
  m_CorrespondingSourceObject: {fileID: 0}
  m_PrefabInstance: {fileID: 0}
  m_PrefabAsset: {fileID: 0}
  serializedVersion: 6
  m_Component:
  - component: {fileID: 6815172395469767794}
  m_Layer: 0
  m_Name: Pear
  m_TagString: Untagged
  m_Icon: {fileID: 0}
  m_NavMeshLayer: 0
  m_StaticEditorFlags: 0
  m_IsActive: 1
--- !u!4 &6815172395469767794
Transform:
  m_ObjectHideFlags: 0
  m_CorrespondingSourceObject: {fileID: 0}
  m_PrefabInstance: {fileID: 0}
  m_PrefabAsset: {fileID: 0}
  m_GameObject: {fileID: 6815172395469767799}
  m_LocalRotation: {x: -0, y: -0, z: -0, w: 1}
  m_LocalPosition: {x: 0, y: 0, z: 0}
  m_LocalScale: {x: 5, y: 5, z: 5}
  m_Children: []
  m_Father: {fileID: 6815172394131246904}
  m_RootOrder: 0
  m_LocalEulerAnglesHint: {x: 0, y: 0, z: 0}
