%YAML 1.1
%TAG !u! tag:unity3d.com,2011:
--- !u!1 &6971930717662145242
GameObject:
  m_ObjectHideFlags: 0
  m_CorrespondingSourceObject: {fileID: 0}
  m_PrefabInstance: {fileID: 0}
  m_PrefabAsset: {fileID: 0}
  serializedVersion: 6
  m_Component:
  - component: {fileID: 6971930717662145241}
  m_Layer: 0
  m_Name: position
  m_TagString: Untagged
  m_Icon: {fileID: 0}
  m_NavMeshLayer: 0
  m_StaticEditorFlags: 0
  m_IsActive: 1
--- !u!4 &6971930717662145241
Transform:
  m_ObjectHideFlags: 0
  m_CorrespondingSourceObject: {fileID: 0}
  m_PrefabInstance: {fileID: 0}
  m_PrefabAsset: {fileID: 0}
  m_GameObject: {fileID: 6971930717662145242}
  m_LocalRotation: {x: -0, y: -1, z: 0.00000005960466, w: 0}
  m_LocalPosition: {x: 0.353, y: 0.0044190884, z: 0.247}
  m_LocalScale: {x: 0.3, y: 0.3, z: 0.3}
  m_Children: []
  m_Father: {fileID: 6971930718563163332}
  m_RootOrder: 0
  m_LocalEulerAnglesHint: {x: 0, y: 0, z: 0}
--- !u!1 &6971930718563163335
GameObject:
  m_ObjectHideFlags: 0
  m_CorrespondingSourceObject: {fileID: 0}
  m_PrefabInstance: {fileID: 0}
  m_PrefabAsset: {fileID: 0}
  serializedVersion: 6
  m_Component:
  - component: {fileID: 6971930718563163332}
  - component: {fileID: 6971930718563163333}
  - component: {fileID: 6971930718563163334}
  - component: {fileID: 405176117958031329}
  m_Layer: 0
  m_Name: drop_checker
  m_TagString: Untagged
  m_Icon: {fileID: 0}
  m_NavMeshLayer: 0
  m_StaticEditorFlags: 0
  m_IsActive: 1
--- !u!4 &6971930718563163332
Transform:
  m_ObjectHideFlags: 0
  m_CorrespondingSourceObject: {fileID: 0}
  m_PrefabInstance: {fileID: 0}
  m_PrefabAsset: {fileID: 0}
  m_GameObject: {fileID: 6971930718563163335}
  m_LocalRotation: {x: 0, y: 1, z: 0, w: 0}
  m_LocalPosition: {x: 35.781, y: 1.4955809, z: -15.933}
  m_LocalScale: {x: 1, y: 1, z: 1}
  m_Children:
  - {fileID: 6971930717662145241}
  m_Father: {fileID: 0}
  m_RootOrder: 0
  m_LocalEulerAnglesHint: {x: 0, y: 180, z: 0}
--- !u!65 &6971930718563163333
BoxCollider:
  m_ObjectHideFlags: 0
  m_CorrespondingSourceObject: {fileID: 0}
  m_PrefabInstance: {fileID: 0}
  m_PrefabAsset: {fileID: 0}
  m_GameObject: {fileID: 6971930718563163335}
  m_Material: {fileID: 0}
  m_IsTrigger: 1
  m_Enabled: 1
  serializedVersion: 2
  m_Size: {x: 1, y: 0.2, z: 1}
  m_Center: {x: 0, y: 0.1, z: 0}
--- !u!114 &6971930718563163334
MonoBehaviour:
  m_ObjectHideFlags: 0
  m_CorrespondingSourceObject: {fileID: 0}
  m_PrefabInstance: {fileID: 0}
  m_PrefabAsset: {fileID: 0}
  m_GameObject: {fileID: 6971930718563163335}
  m_Enabled: 1
  m_EditorHideFlags: 0
  m_Script: {fileID: 11500000, guid: c5dfef2961f0113428eba5fe4dbe420b, type: 3}
  m_Name: 
  m_EditorClassIdentifier: 
  interactableEvents:
    onInteract:
      m_PersistentCalls:
        m_Calls: []
  clickEvents:
    onInteract:
      m_PersistentCalls:
        m_Calls: []
  dropZoneEvents:
    OnCorrectItem:
      m_PersistentCalls:
        m_Calls: []
    OnWrongItem:
      m_PersistentCalls:
        m_Calls: []
    OnRemoveItem:
      m_PersistentCalls:
        m_Calls: []
  acceptedItem: {fileID: 4923667528683140239, guid: 42a80e36ff45ef2408d42047ef61ef6f,
    type: 3}
  visual: {fileID: 0}
  placementLocation: {fileID: 6971930717662145241}
  useDropColliderForPickup: 1
--- !u!114 &405176117958031329
MonoBehaviour:
  m_ObjectHideFlags: 0
  m_CorrespondingSourceObject: {fileID: 0}
  m_PrefabInstance: {fileID: 0}
  m_PrefabAsset: {fileID: 0}
  m_GameObject: {fileID: 6971930718563163335}
  m_Enabled: 1
  m_EditorHideFlags: 0
  m_Script: {fileID: 11500000, guid: dc9cab06c637cc74aae2af799e4b5c53, type: 3}
  m_Name: 
  m_EditorClassIdentifier: 
  gloabalTag: library
