%YAML 1.1
%TAG !u! tag:unity3d.com,2011:
--- !u!1 &1073252684
GameObject:
  m_ObjectHideFlags: 0
  m_CorrespondingSourceObject: {fileID: 0}
  m_PrefabInstance: {fileID: 0}
  m_PrefabAsset: {fileID: 0}
  serializedVersion: 6
  m_Component:
  - component: {fileID: 1073252685}
  m_Layer: 0
  m_Name: GameObject
  m_TagString: Untagged
  m_Icon: {fileID: 0}
  m_NavMeshLayer: 0
  m_StaticEditorFlags: 0
  m_IsActive: 1
--- !u!4 &1073252685
Transform:
  m_ObjectHideFlags: 0
  m_CorrespondingSourceObject: {fileID: 0}
  m_PrefabInstance: {fileID: 0}
  m_PrefabAsset: {fileID: 0}
  m_GameObject: {fileID: 1073252684}
  m_LocalRotation: {x: 0.74229467, y: -0.3831816, z: -0.25466907, w: 0.48714897}
  m_LocalPosition: {x: 1.364, y: 0, z: -0.093}
  m_LocalScale: {x: 1, y: 1, z: 1}
  m_Children: []
  m_Father: {fileID: 7443046652366446691}
  m_RootOrder: 0
  m_LocalEulerAnglesHint: {x: 148.12599, y: 62.230995, z: 74.16599}
--- !u!1 &8414671637163268754
GameObject:
  m_ObjectHideFlags: 0
  m_CorrespondingSourceObject: {fileID: 0}
  m_PrefabInstance: {fileID: 0}
  m_PrefabAsset: {fileID: 0}
  serializedVersion: 6
  m_Component:
  - component: {fileID: 7443046652366446691}
  - component: {fileID: 1416705318420877910}
  - component: {fileID: 1733240614937111357}
  - component: {fileID: 2397972499770935700}
  - component: {fileID: -3024943962675470128}
  m_Layer: 0
  m_Name: puzzle_piece_Pear
  m_TagString: Untagged
  m_Icon: {fileID: 0}
  m_NavMeshLayer: 0
  m_StaticEditorFlags: 0
  m_IsActive: 1
--- !u!4 &7443046652366446691
Transform:
  m_ObjectHideFlags: 0
  m_CorrespondingSourceObject: {fileID: 0}
  m_PrefabInstance: {fileID: 0}
  m_PrefabAsset: {fileID: 0}
  m_GameObject: {fileID: 8414671637163268754}
  m_LocalRotation: {x: -0.7402797, y: -0.28753158, z: 0.09987715, w: 0.59944665}
  m_LocalPosition: {x: 30.289948, y: -0.54212105, z: 33.443104}
  m_LocalScale: {x: 0.2, y: 0.2, z: 0.2}
  m_Children:
  - {fileID: 1073252685}
  m_Father: {fileID: 0}
  m_RootOrder: 0
  m_LocalEulerAnglesHint: {x: -123.893, y: 62.048996, z: -77.996}
--- !u!33 &1416705318420877910
MeshFilter:
  m_ObjectHideFlags: 0
  m_CorrespondingSourceObject: {fileID: 0}
  m_PrefabInstance: {fileID: 0}
  m_PrefabAsset: {fileID: 0}
  m_GameObject: {fileID: 8414671637163268754}
  m_Mesh: {fileID: 2992871556460577624, guid: 527585a854d7eea4896036532c094c73, type: 3}
--- !u!23 &1733240614937111357
MeshRenderer:
  m_ObjectHideFlags: 0
  m_CorrespondingSourceObject: {fileID: 0}
  m_PrefabInstance: {fileID: 0}
  m_PrefabAsset: {fileID: 0}
  m_GameObject: {fileID: 8414671637163268754}
  m_Enabled: 1
  m_CastShadows: 1
  m_ReceiveShadows: 1
  m_DynamicOccludee: 1
  m_MotionVectors: 1
  m_LightProbeUsage: 1
  m_ReflectionProbeUsage: 1
  m_RayTracingMode: 2
  m_RenderingLayerMask: 1
  m_RendererPriority: 0
  m_Materials:
  - {fileID: 2100000, guid: 97f5529f2510ef24cbcef5ed5bc3af07, type: 2}
  - {fileID: 2100000, guid: 9f5777c3e209ccd4ebe6ac4f7f8fa3b4, type: 2}
  m_StaticBatchInfo:
    firstSubMesh: 0
    subMeshCount: 0
  m_StaticBatchRoot: {fileID: 0}
  m_ProbeAnchor: {fileID: 0}
  m_LightProbeVolumeOverride: {fileID: 0}
  m_ScaleInLightmap: 1
  m_ReceiveGI: 1
  m_PreserveUVs: 0
  m_IgnoreNormalsForChartDetection: 0
  m_ImportantGI: 0
  m_StitchLightmapSeams: 1
  m_SelectedEditorRenderState: 3
  m_MinimumChartSize: 4
  m_AutoUVMaxDistance: 0.5
  m_AutoUVMaxAngle: 89
  m_LightmapParameters: {fileID: 0}
  m_SortingLayerID: 0
  m_SortingLayer: 0
  m_SortingOrder: 0
--- !u!64 &2397972499770935700
MeshCollider:
  m_ObjectHideFlags: 0
  m_CorrespondingSourceObject: {fileID: 0}
  m_PrefabInstance: {fileID: 0}
  m_PrefabAsset: {fileID: 0}
  m_GameObject: {fileID: 8414671637163268754}
  m_Material: {fileID: 0}
  m_IsTrigger: 0
  m_Enabled: 1
  serializedVersion: 3
  m_Convex: 0
  m_CookingOptions: 30
  m_Mesh: {fileID: 2992871556460577624, guid: 527585a854d7eea4896036532c094c73, type: 3}
--- !u!114 &-3024943962675470128
MonoBehaviour:
  m_ObjectHideFlags: 0
  m_CorrespondingSourceObject: {fileID: 0}
  m_PrefabInstance: {fileID: 0}
  m_PrefabAsset: {fileID: 0}
  m_GameObject: {fileID: 8414671637163268754}
  m_Enabled: 1
  m_EditorHideFlags: 0
  m_Script: {fileID: 11500000, guid: 8303441a514dcb14b88198ff84b9a59b, type: 3}
  m_Name: 
  m_EditorClassIdentifier: 
  interactableEvents:
    onInteract:
      m_PersistentCalls:
        m_Calls: []
  clickEvents:
    onInteract:
      m_PersistentCalls:
        m_Calls: []
  puzzleTag: pear
  isDropable: 1
  skipInventoryAnimations: 0
  itemHoldPoint: {fileID: 1073252685}
